@inproceedings{Zhang:2007:RCN:1321440.1321540,
 	author = {Zhang, Wei and Liu, Shuang and Yu, Clement and Sun, Chaojing and Liu, Fang and Meng, Weiyi},
 	title = {Recognition and Classification of Noun Phrases in Queries for Effective Retrieval},
 	booktitle = {Proceedings of the Sixteenth ACM Conference on Conference on Information and Knowledge Management},
 	series = {CIKM '07},
 	year = {2007},
 	isbn = {978-1-59593-803-9},
 	location = {Lisbon, Portugal},
 	pages = {711--720},
 	numpages = {10},
 	url = {http://doi.acm.org/10.1145/1321440.1321540},
 	doi = {10.1145/1321440.1321540},
 	acmid = {1321540},
 	publisher = {ACM},
 	address = {New York, NY, USA},
 	keywords = {complex phrase, dictionary phrase, feedback, information retrieval, noun phrases, proper noun, simple phrase, verification},
 } 

 @inproceedings{Zhang:2008:GMU:1390334.1390405,
 	author = {Zhang, Min and Ye, Xingyao},
 	title = {A Generation Model to Unify Topic Relevance and Lexicon-based Sentiment for Opinion Retrieval},
 	booktitle = {Proceedings of the 31st Annual International ACM SIGIR Conference on Research and Development in Information Retrieval},
 	series = {SIGIR '08},
 	year = {2008},
 	isbn = {978-1-60558-164-4},
 	location = {Singapore, Singapore},
 	pages = {411--418},
 	numpages = {8},
 	url = {http://doi.acm.org/10.1145/1390334.1390405},
 	doi = {10.1145/1390334.1390405},
 	acmid = {1390405},
 	publisher = {ACM},
 	address = {New York, NY, USA},
 	keywords = {generation model, opinion generation model, opinion retrieval, sentiment analysis, topic relevance},
 } 
 
@inproceedings{hu2004mining,
	title={Mining and summarizing customer reviews},
	author={Hu, Minqing and Liu, Bing},
	booktitle={Proceedings of the tenth ACM SIGKDD international conference on Knowledge discovery and data mining},
	pages={168--177},
	year={2004},
	organization={ACM}
}

@inproceedings{popescu2005opine,
	title={OPINE: Extracting product features and opinions from reviews},
	author={Popescu, Ana-Maria and Nguyen, Bao and Etzioni, Oren},
	booktitle={Proceedings of HLT/EMNLP on interactive demonstrations},
	pages={32--33},
	year={2005},
	organization={Association for Computational Linguistics}
}

@inproceedings{Karlson:2006:FFI:1124772.1124878,
	author = {Karlson, Amy K. and Robertson, George G. and Robbins, Daniel C. and Czerwinski, Mary P. and Smith, Greg R.},
	title = {FaThumb: A Facet-based Interface for Mobile Search},
	booktitle = {Proceedings of the SIGCHI Conference on Human Factors in Computing Systems},
	series = {CHI '06},
	year = {2006},
	isbn = {1-59593-372-7},
	location = {Montr\&\#233;al, Qu\&\#233;bec, Canada},
	pages = {711--720},
	numpages = {10},
	url = {http://doi.acm.org/10.1145/1124772.1124878},
	doi = {10.1145/1124772.1124878},
	acmid = {1124878},
	publisher = {ACM},
	address = {New York, NY, USA},
	keywords = {Piccolo.NET, faceted metadata, mobile devices, search interfaces, visual interaction, zoomable user interfaces},
}

@inproceedings{hahn2010faceted,
	title={Faceted wikipedia search},
	author={Hahn, Rasmus and Bizer, Christian and Sahnwaldt, Christopher and Herta, Christian and Robinson, Scott and B{\"u}rgle, Michaela and D{\"u}wiger, Holger and Scheel, Ulrich},
	booktitle={Business Information Systems},
	pages={1--11},
	year={2010},
	organization={Springer}
}

@article{liu2012sentiment,
	title={Sentiment analysis and opinion mining},
	author={Liu, Bing},
	journal={Synthesis lectures on human language technologies},
	volume={5},
	number={1},
	pages={1--167},
	year={2012},
	publisher={Morgan \& Claypool Publishers}
}

@incollection{baccianella2009multi,
	title={Multi-facet rating of product reviews},
	author={Baccianella, Stefano and Esuli, Andrea and Sebastiani, Fabrizio},
	booktitle={Advances in information retrieval},
	pages={461--472},
	year={2009},
	publisher={Springer}
}

@inproceedings{ding2008holistic,
	title={A holistic lexicon-based approach to opinion mining},
	author={Ding, Xiaowen and Liu, Bing and Yu, Philip S},
	booktitle={Proceedings of the 2008 International Conference on Web Search and Data Mining},
	pages={231--240},
	year={2008},
	organization={ACM}
}

@inproceedings{mukherjee2013sentiment,
	title={Sentiment Aggregation using ConceptNet Ontology.},
	author={Mukherjee, Subhabrata and Joshi, Sachindra},
	booktitle={IJCNLP},
	pages={570--578},
	year={2013}
}

@article{liu2004conceptnet,
	title={ConceptNet-a practical commonsense reasoning tool-kit},
	author={Liu, Hugo and Singh, Push},
	journal={BT technology journal},
	volume={22},
	number={4},
	pages={211--226},
	year={2004},
	publisher={Springer}
}

@inproceedings{brill1992simple,
  title={A simple rule-based part of speech tagger},
  author={Brill, Eric},
  booktitle={Proceedings of the workshop on Speech and Natural Language},
  pages={112--116},
  year={1992},
  organization={Association for Computational Linguistics}
}
